<?xml version="1.0" encoding="UTF-8"?><collection xmlns="http://www.loc.gov/MARC21/slim"><record><leader>00467nam--2200181-u-4500</leader><controlfield tag="001">000056030</controlfield><controlfield tag="002">20161230</controlfield><controlfield tag="005">20161230201052</controlfield><controlfield tag="008">141203s1000------------r-----000-0-rus-d</controlfield><datafield ind1=" " ind2=" " tag="040"><subfield code="a">IFIN-HH</subfield></datafield><datafield ind1=" " ind2=" " tag="041"><subfield code="a">rus</subfield></datafield><datafield ind1=" " ind2=" " tag="080"><subfield code="a">523.1</subfield></datafield><datafield ind1="1" ind2=" " tag="100"><subfield code="a">Vorontov-veliaminov, B.A</subfield></datafield><datafield ind1="1" ind2="0" tag="245"><subfield code="a">Gazovie tumannosti i novie zvezdi</subfield><subfield code="c">B.a. vorontov-veliaminov</subfield></datafield><datafield ind1=" " ind2=" " tag="260"><subfield code="a">Moskva</subfield><subfield code="b">Akademia Nauk Sssr</subfield><subfield code="c">1943</subfield></datafield><datafield ind1=" " ind2=" " tag="300"><subfield code="a">588P</subfield></datafield><datafield ind1=" " ind2=" " tag="852"><subfield code="a">47679</subfield><subfield code="c">523</subfield></datafield><datafield ind1=" " ind2=" " tag="CAT"><subfield code="a">Sys</subfield><subfield code="c">20141203</subfield><subfield code="h">145140</subfield></datafield></record></collection>